@inproceedings{tareen2018comparative,
  title={A comparative analysis of sift, surf, kaze, akaze, orb, and brisk},
  author={Tareen, Shaharyar Ahmed Khan and Saleem, Zahra},
  booktitle={2018 International conference on computing, mathematics and engineering technologies (iCoMET)},
  pages={1--10},
  year={2018},
  organization={IEEE}
}